@inproceedings{BLPRS13,
  title={Classical hardness of learning with errors},
  author={Brakerski, Zvika and Langlois, Adeline and Peikert, Chris and Regev, Oded and Stehl{\'e}, Damien},
  booktitle={Proceedings of the forty-fifth annual ACM symposium on Theory of computing},
  pages={575--584},
  year={2013},
  organization={ACM}
}

@incollection{MP12,
  title={Trapdoors for lattices: Simpler, tighter, faster, smaller},
  author={Micciancio, Daniele and Peikert, Chris},
  booktitle={Advances in Cryptology--EUROCRYPT 2012},
  pages={700--718},
  year={2012},
  publisher={Springer},
  url={https://eprint.iacr.org/2011/501.pdf}
}

@techreport{BCNS14,
  title={Post-quantum key exchange for the TLS protocol from the ring learning with errors problem},
  author={Bos, Joppe W and Costello, Craig and Naehrig, Michael and Stebila, Douglas},
  year={2014}
}

@incollection{P14,
  title={Lattice cryptography for the internet},
  author={Peikert, Chris},
  booktitle={Post-Quantum Cryptography},
  pages={197--219},
  year={2014},
  publisher={Springer}
}

@techreport{APS15,
  title={On the concrete hardness of Learning with Errors},
  author={Albrecht, Martin R and Player, Rachel and Scott, Sam},
  institution={Cryptology ePrint Archive, Report 2015/046, 2015. http://eprint. iacr. org/2015/046},
  year={2015}
}